@misc{2007narizeni,
  TITLE   = {{Nařízení vlády č. 361/2007 Sb., kterým se stanoví podmínky ochrany zdraví při práci ve znění nařízení vlády č. 68/2010 Sb., nařízení vlády č. 93/2012 Sb., nařízení vlády č. 9/2013 Sb., nařízení vlády č. 32/2016 Sb., nařízení vlády č. 246/2018 Sb., nařízení vlády č. 41/2020 Sb., nařízení vlády č. 467/2020 Sb., nařízení vlády č. 195/2021 Sb., nařízení vlády č. 303/2022 Sb., nařízení vlády č. 330/2023 Sb. a nařízení vlády č. 452/2023 Sb.}},
  YEAR    = {2007},
  NUMBER  = {361/2007 Sb.},
  URL     = {https://www.e-sbirka.cz/sb/2007/361/2024-01-01},
  URLDATE = {2024-05-06},
  LANGID  = {czech}
}

@misc{2007zakon,
  TITLE      = {{Zákon č. 355/2007 Z. z. o ochrane, podpore a rozvoji verejného zdravia}},
  YEAR       = {2007},
  URL        = {https://www.slov-lex.sk/pravne-predpisy/SK/ZZ/2007/355/20130701.html},
  URLDATE    = {2024-05-06},
  LANGID     = {slovak},
  ANNOTATION = {Znění platné od 1. 4. 2024}
}

@manual{2017shimmer,
  TYPE        = {User manual},
  TITLE       = {Shimmer {{User}} manual},
  YEAR        = {2017},
  INSTITUTION = {Realtime Technologies Ltd},
  URL         = {https://shimmersensing.com/wp-content/docs/support/documentation/Shimmer_User_Manual_rev3p.pdf},
  URLDATE     = {2024-01-09},
  LANGID      = {english}
}

@misc{analogdevicesfilters,
  TITLE   = {{{CHAPTER}} 8: {{ANALOG FILTERS}}},
  AUTHOR  = {{Analog Devices}},
  URL     = {https://www.analog.com/analog_filters?doc=ADA4661-2.pdf},
  URLDATE = {2024-05-20}
}

@misc{arar22understanding,
  TITLE   = {Understanding {{CMRR}} and its {{Relationship With ADC Offset Error}}},
  AUTHOR  = {Arar, Steve},
  YEAR    = {22},
  JOURNAL = {All About Circuits},
  URL     = {https://www.allaboutcircuits.com/technical-articles/understanding-common-mode-rejection-ratio-and-its-relationship-with-analog-to-digital-converter-offset-error/},
  URLDATE = {2024-01-11},
  LANGID  = {english}
}

@article{bashford2020preprocessing,
  TITLE   = {Preprocessing surface {{EMG}} data removes voluntary muscle activity and enhances {{SPiQE}} fasciculation analysis},
  AUTHOR  = {Bashford, J. and Wickham, A. and Iniesta, R. and Drakakis, E. and Boutelle, M. and Mills, K. and Shaw, C.},
  YEAR    = {2020},
  JOURNAL = {Clinical Neurophysiology},
  VOLUME  = {131},
  NUMBER  = {1},
  PAGES   = {265--273},
  ISSN    = {13882457},
  DOI     = {10/gpdp2k},
  URLDATE = {2024-01-09},
  LANGID  = {english}
}

@misc{buxton2008correlation,
  TITLE   = {Correlation},
  AUTHOR  = {Buxton, Richard},
  YEAR    = {2008},
  URL     = {https://www.statstutor.ac.uk/resources/uploaded/correlation.pdf},
  URLDATE = {2024-05-15}
}

@article{caffrey2010surface,
  TITLE   = {Surface {{Electromyography-Assisted Ergonomic Analysis}} in a {{Newspaper Printing Plant}}: {{A Case Study}}},
  AUTHOR  = {Caffrey, Thomas R and Clasby, Robert},
  YEAR    = {2010},
  JOURNAL = {Biofeedback},
  VOLUME  = {38},
  NUMBER  = {4},
  PAGES   = {155--157},
  ISSN    = {1081-5937, 2158-348X},
  DOI     = {10/fcqj42},
  URLDATE = {2024-05-03},
  LANGID  = {english}
}

@misc{clevelandclinicc2024repetitive,
  TITLE   = {Repetitive {{Strain Injury}} ({{RSI}}): {{Causes}}, {{Symptoms}} \& {{Treatment}}},
  AUTHOR  = {{Cleveland Clinic}},
  YEAR    = {c2024},
  URL     = {https://my.clevelandclinic.org/health/diseases/17424-repetitive-strain-injury},
  URLDATE = {2024-01-22}
}

@misc{cmglee2016visual,
  TITLE     = {Visual comparison of convolution, cross-correlation and autocorrelation},
  AUTHOR    = {{Cmglee}},
  YEAR      = {2016},
  URL       = {https://commons.wikimedia.org/wiki/File:Comparison_convolution_correlation.svg},
  URLDATE   = {2024-05-20},
  COPYRIGHT = {[object HTMLSpanElement]}
}

@book{costanzo2018physiology,
  TITLE     = {Physiology},
  AUTHOR    = {Costanzo, Linda S.},
  YEAR      = {2018},
  EDITION   = {6.},
  PUBLISHER = {Elsevier},
  ADDRESS   = {Philadelphia, PA},
  ISBN      = {978-0-323-47881-6},
  LANGID    = {english},
  LCCN      = {QP31.2 .C67 2018},
  KEYWORDS  = {Physiological Phenomena,Physiology}
}

@book{criswell2011cram,
  TITLE     = {Cram's introduction to surface electromyography},
  AUTHOR    = {Criswell, Eleanor and Cram, Jeffrey R.},
  YEAR      = {2011},
  EDITION   = {2.},
  PUBLISHER = {{Jones and Bartlett}},
  ADDRESS   = {Sudbury, MA},
  ISBN      = {978-0-7637-3274-5},
  LANGID    = {english}
}

@article{disselhorst-klug2009surface,
  TITLE   = {Surface electromyography and muscle force: {{Limits}} in {{sEMG}}–force relationship and new approaches for applications},
  AUTHOR  = {{Disselhorst-Klug}, Catherine and {Schmitz-Rode}, Thomas and Rau, Günter},
  YEAR    = {2009},
  JOURNAL = {Clinical Biomechanics},
  VOLUME  = {24},
  NUMBER  = {3},
  PAGES   = {225--235},
  ISSN    = {02680033},
  DOI     = {10/crddvc},
  URLDATE = {2024-01-09},
  LANGID  = {english}
}

@techreport{douglas2022optimized,
  TYPE        = {preprint},
  TITLE       = {An optimized approach to study sub-sarcomere structure utilizing super-resolution microscopy with secondary {{VHH}} nanobodies},
  AUTHOR      = {Douglas, Cm and Bird, Je and Kopinke, D and Esser, Ka},
  YEAR        = {2022},
  INSTITUTION = {Physiology},
  DOI         = {10.1101/2022.09.07.506832},
  URLDATE     = {2024-01-22},
  LANGID      = {english}
}

@misc{ecg,
  TITLE   = {{{ECG}} dataset},
  URL     = {https://www.kaggle.com/datasets/devavratatripathy/ecg-dataset?resource=download},
  URLDATE = {2024-04-21}
}

@incollection{emos2023neuroanatomy,
  TITLE     = {Neuroanatomy, {{Upper Motor Neuron Lesion}}},
  BOOKTITLE = {{{StatPearls}}},
  AUTHOR    = {Emos, Marc Christopher and Agarwal, Sanjeev},
  YEAR      = {2023},
  PUBLISHER = {StatPearls Publishing},
  ADDRESS   = {Treasure Island (FL)},
  URL       = {http://www.ncbi.nlm.nih.gov/books/NBK537305/},
  URLDATE   = {2024-01-22},
  COPYRIGHT = {Copyright © 2023, StatPearls Publishing LLC.},
  LANGID    = {english},
  LCCN      = {NBK537305},
  PMID      = {30725990}
}

@misc{fenclova2023nemoci,
  TITLE     = {{Nemoci z povolání v České republice v roce 2022}},
  AUTHOR    = {Fenclová, Zdenka and Havlová, Dana and Voříšková, Michaela and Urban, Pavel and Žofka, Jan},
  YEAR      = {2023},
  PUBLISHER = {Státní zdravotní ústav Praha},
  URL       = {https://szu.cz/wp-content/uploads/2023/04/V-roce-2022.pdf},
  URLDATE   = {2024-05-06},
  LANGID    = {czech}
}

@misc{geta2015analyzer,
  TITLE     = {{EMG Analyzer Uživatelský Manuál}},
  AUTHOR    = {{GETA Centrum s.r.o.}},
  YEAR      = {2015},
  PUBLISHER = {GETA Centrum s.r.o.},
  LANGID    = {czech}
}

@misc{geta2015holter,
  TITLE     = {{EMG Holter Uživatelský Manuál}},
  AUTHOR    = {{GETA Centrum s.r.o.}},
  YEAR      = {2015},
  PUBLISHER = {GETA Centrum s.r.o.},
  LANGID    = {czech}
}

@misc{halasova2022posuzovani,
  TITLE     = {{Posuzování lokální svalové zátěže v jednotlivých Státech EU a v ostatních státech světa se zaměřením na syndrom karpálního tunelu}},
  AUTHOR    = {Halásová, Simona and Lipšová, Vladimíra},
  YEAR      = {2022},
  PUBLISHER = {Státní zdravotní ústav Praha},
  URL       = {https://szu.cz/wp-content/uploads/2023/02/posuzovani_LSZ_ve_statech_EU.pdf},
  URLDATE   = {2024-05-06},
  LANGID    = {czech}
}

@misc{hecht2017everything,
  TITLE  = {Everything {{You Should Know About Repetitive Strain Injury}} ({{RSI}})},
  AUTHOR = {Hecht, Marjorie},
  YEAR   = {2017},
  URL    = {https://www.healthline.com/health/repetitive-strain-injury}
}

@misc{hecht2017repetitive,
  TITLE        = {Repetitive {{Strain Injury}} ({{RSI}}): {{Causes}}, {{Prevention}}, and {{More}}},
  AUTHOR       = {Hecht, Marjorie},
  YEAR         = {2017},
  JOURNAL      = {Healthline},
  URL          = {https://www.healthline.com/health/repetitive-strain-injury},
  URLDATE      = {2024-01-22},
  COLLABORATOR = {Biggers, Alana},
  LANGID       = {english}
}

@article{higa2019measurements,
  TITLE   = {Measurements of {{Isometric Strength}} and {{Electromyography}} of {{Elbow Flexors}} under {{Active}} and {{Passive Conditions}}},
  AUTHOR  = {Higa, Masaru and Araki, Nozomu and Nakatani, Shintaro and Toji, Hideki},
  YEAR    = {2019},
  JOURNAL = {Advanced Biomedical Engineering},
  VOLUME  = {8},
  NUMBER  = {0},
  PAGES   = {124--129},
  ISSN    = {2187-5219},
  DOI     = {10/gtc4nz},
  URLDATE = {2024-01-09},
  LANGID  = {english}
}

@misc{hwe2023fir,
  TITLE   = {{{FIR}} vs {{IIR Digital Filter}}},
  YEAR    = {2023},
  JOURNAL = {Hardware and Systems Engineering Design},
  URL     = {https://www.hwe.design/theories-concepts/signal-processing/fir-vs-iir-digital-filter}
}

@misc{kschischang2015hilbert,
  TITLE     = {The {{Hilbert Transform}}},
  AUTHOR    = {Kschischang, Frank R.},
  YEAR      = {2015},
  PUBLISHER = {{The Edward S. Rogers Sr. Department of Electrical and Computer Engineering, University of Toronto}},
  URL       = {https://www.comm.utoronto.ca/~frank/notes/hilbert.pdf},
  URLDATE   = {2024-05-20}
}

@mastersthesis{lugovaya2005biometric,
  TITLE   = {Biometric human identification based on electrocardiogram},
  AUTHOR  = {Lugovaya, Tatiana},
  YEAR    = {2005},
  ADDRESS = {Petrohrad, Ruská federace},
  URL     = {https://www.physionet.org/physiobank/database/ecgiddb/biometric.shtml},
  URLDATE = {2024-05-16},
  SCHOOL  = {Faculty of Computing Technologies and Informatics, Electrotechnical University "LETI"}
}

@misc{lugovaya2011ecgid,
  TITLE     = {The {{ECG-ID Database}}},
  AUTHOR    = {Lugovaya, Tatiana},
  YEAR      = {2011},
  PUBLISHER = {[object Object]},
  DOI       = {10.13026/C2J01F},
  URLDATE   = {2024-05-16}
}

@misc{lugovaya2011ecgida,
  TITLE     = {The {{ECG-ID Database}}},
  AUTHOR    = {Lugovaya, Tatiana},
  YEAR      = {2011},
  PUBLISHER = {[object Object]},
  DOI       = {10.13026/C2J01F},
  URLDATE   = {2024-05-16}
}

@article{luther2009vertebrate,
  TITLE   = {The vertebrate muscle {{Z-disc}}: {{Sarcomere}} anchor for structure and signalling},
  AUTHOR  = {Luther, Pradeep},
  YEAR    = {2009},
  JOURNAL = {Journal of muscle research and cell motility},
  VOLUME  = {30},
  PAGES   = {171--185},
  DOI     = {10/dcnf9m},
  LANGID  = {english}
}

@misc{menefee2020human,
  TITLE     = {Human {{Anatomy}}},
  AUTHOR    = {Menefee, Whitney and Jenk, Julie and Mazzasette, Chiara and Nguyen, Kim-Leiloni},
  YEAR      = {2020},
  PUBLISHER = {LibreTexts},
  URL       = {https://med.libretexts.org/Bookshelves/Anatomy_and_Physiology/Human_Anatomy_(OERI)/},
  URLDATE   = {2024-01-15},
  LANGID    = {english}
}

@misc{mzcr2022vestnik,
  TITLE     = {{Věstník 6/2022}},
  AUTHOR    = {{Ministerstvo zdravotnictví ČR}},
  YEAR      = {2022},
  PUBLISHER = {Ministerstvo zdravotnictví ČR},
  URL       = {https://mzd.gov.cz/wp-content/uploads/2022/05/Vestnik-MZ_6-2022.pdf},
  URLDATE   = {2024-05-08},
  LANGID    = {czech}
}

@book{nieminen1989methods,
  TITLE        = {Methods for the analysis of surface {{EMG}} in ergonomic evaluations},
  AUTHOR       = {Nieminen, Hannu},
  YEAR         = {1989},
  SERIES       = {Tutkimuksia / {{Valtion Teknillinen Tutkimuskeskus}}},
  NUMBER       = {661},
  PUBLISHER    = {Valtion Teknillinen Tutkimuskeskus},
  ADDRESS      = {Espoo},
  COLLABORATOR = {{Valtion teknillinen tutkimuskeskus}},
  ISBN         = {978-951-38-3603-0},
  LANGID       = {english}
}

@phdthesis{physiobank,
  TITLE = {{{PhysioBank}}, {{PhysioToolkit}}, and {{PhysioNet}}: {{Components}} of a new research resource for complex physiologic signals}
}

@article{ranaldi2018automatic,
  TITLE   = {An automatic, adaptive, information-based algorithm for the extraction of the {{sEMG}} envelope},
  AUTHOR  = {Ranaldi, Simone and De Marchis, Cristiano and Conforto, Silvia},
  YEAR    = {2018},
  JOURNAL = {Journal of Electromyography and Kinesiology},
  VOLUME  = {42},
  PAGES   = {1--9},
  ISSN    = {10506411},
  DOI     = {10.1016/j.jelekin.2018.06.001},
  URLDATE = {2024-01-26},
  LANGID  = {english}
}

@article{ranaldiAutomaticAdaptiveInformationbased2018,
  TITLE   = {An automatic, adaptive, information-based algorithm for the extraction of the {{sEMG}} envelope},
  AUTHOR  = {Ranaldi, Simone and De Marchis, Cristiano and Conforto, Silvia},
  YEAR    = {2018},
  JOURNAL = {Journal of Electromyography and Kinesiology},
  VOLUME  = {42},
  PAGES   = {1--9},
  ISSN    = {10506411},
  DOI     = {10.1016/j.jelekin.2018.06.001},
  URLDATE = {2024-01-09},
  LANGID  = {english}
}

@article{rosen1999performances,
  TITLE     = {Performances of {{Hill-Type}} and {{Neural Network Muscle Models}}—{{Toward}} a {{Myosignal-Based Exoskeleton}}},
  AUTHOR    = {Rosen, Jacob and Fuchs, Moshe B. and Arcan, Mircea},
  YEAR      = {1999},
  JOURNAL   = {Computers and Biomedical Research},
  VOLUME    = {32},
  NUMBER    = {5},
  PAGES     = {415--439},
  ISSN      = {00104809},
  DOI       = {10/fbctwm},
  URLDATE   = {2024-05-13},
  COPYRIGHT = {https://www.elsevier.com/tdm/userlicense/1.0/},
  LANGID    = {english}
}

@book{sabahNeuromuscularFundamentalsHow2020,
  TITLE     = {Neuromuscular {{Fundamentals}}: {{How Our Musculature Is Controlled}}},
  AUTHOR    = {Sabah, Nassir H.},
  YEAR      = {2020},
  PUBLISHER = {Taylor \& Francis Group},
  ADDRESS   = {Milton, UNITED KINGDOM},
  URL       = {http://ebookcentral.proquest.com/lib/cvut/detail.action?docID=6371920},
  URLDATE   = {2024-01-15},
  ISBN      = {978-1-00-019144-8},
  KEYWORDS  = {Sensorimotor cortex.}
}

@book{sabahNeuromuscularFundamentalsHow2021,
  TITLE      = {Neuromuscular fundamentals: how our musculature is controlled},
  AUTHOR     = {Sabah, Nassir H.},
  YEAR       = {2021},
  EDITION    = {First edition},
  PUBLISHER  = {CRC Press},
  ADDRESS    = {Boca Raton, FL},
  ISBN       = {978-1-00-302479-8},
  LANGID     = {english},
  ANNOTATION = {OCLC: 1156442334}
}

@misc{sarpal2020difference,
  TITLE   = {Difference between {{IIR}} and {{FIR}} filters: a practical design guide},
  AUTHOR  = {Sarpal, Sanjeev},
  YEAR    = {2020},
  JOURNAL = {Advanced Solutions Nederland},
  URL     = {https://www.advsolned.com/difference-between-iir-and-fir-filters-a-practical-design-guide/},
  URLDATE = {2024-05-14},
  LANGID  = {american}
}

@book{sedlacek1993zpracovani,
  TITLE     = {Zpracování signálů v měřící technice},
  AUTHOR    = {Sedláček, Miloš},
  YEAR      = {1993},
  PUBLISHER = {ČVUT},
  ADDRESS   = {Praha},
  ISBN      = {978-80-01-00900-0}
}

@misc{sneha2017understanding,
  TITLE   = {Understanding {{Correlation}} - {{Technical Articles}}},
  AUTHOR  = {Sneha, H.L.},
  YEAR    = {2017},
  JOURNAL = {All About Circuits},
  URL     = {https://www.allaboutcircuits.com/technical-articles/understanding-correlation/},
  URLDATE = {2024-05-20},
  LANGID  = {english}
}

@article{stalberg2019standards,
  TITLE   = {Standards for quantification of {{EMG}} and neurography},
  AUTHOR  = {Stålberg, Erik and Van Dijk, Hans and Falck, Björn and Kimura, Jun and Neuwirth, Christoph and Pitt, Matthew and Podnar, Simon and Rubin, Devon I. and Rutkove, Seward and Sanders, Donald B. and Sonoo, Masahiro and Tankisi, Hatice and Zwarts, Machiel},
  YEAR    = {2019},
  JOURNAL = {Clinical Neurophysiology},
  VOLUME  = {130},
  NUMBER  = {9},
  PAGES   = {1688--1729},
  ISSN    = {13882457},
  DOI     = {10/ggn3r3},
  URLDATE = {2024-01-09},
  LANGID  = {english}
}

@misc{strength,
  TITLE   = {Strength of {{Correlation}}},
  JOURNAL = {Newcastle University},
  URL     = {https://www.ncl.ac.uk/webtemplate/ask-assets/external/maths-resources/statistics/regression-and-correlation/strength-of-correlation.html},
  URLDATE = {2024-05-15}
}

@article{tankisi2020standards,
  TITLE   = {Standards of instrumentation of {{EMG}}},
  AUTHOR  = {Tankisi, Hatice and Burke, David and Cui, Liying and De Carvalho, Mamede and Kuwabara, Satoshi and Nandedkar, Sanjeev D. and Rutkove, Seward and Stålberg, Erik and Van Putten, Michel J.A.M. and {Fuglsang-Frederiksen}, Anders},
  YEAR    = {2020},
  JOURNAL = {Clinical Neurophysiology},
  VOLUME  = {131},
  NUMBER  = {1},
  PAGES   = {243--258},
  ISSN    = {13882457},
  DOI     = {10/gg8732},
  URLDATE = {2024-01-09},
  LANGID  = {english}
}

@inproceedings{xu2004improved,
  TITLE     = {An improved method for muscle activation detection during gait},
  BOOKTITLE = {Canadian {{Conference}} on {{Electrical}} and {{Computer Engineering}} 2004 ({{IEEE Cat}}. {{No}}.{{04CH37513}})},
  AUTHOR    = {Xu, Lanyi and Adler, A.},
  YEAR      = {2004},
  VOLUME    = {1},
  PAGES     = {357-360 Vol.1},
  ISSN      = {0840-7789},
  DOI       = {10.1109/CCECE.2004.1345029},
  URLDATE   = {2024-03-18},
  KEYWORDS  = {Detectors,Electric variables measurement,Electromyography,Gaussian noise,Gaussian processes,Information technology,Muscles,Noise measurement,Probability distribution,Timing}
}

@article{yang2017signal,
  TITLE     = {A {{Signal Theoretic Approach}} for {{Envelope Analysis}} of {{Real-Valued Signals}}},
  AUTHOR    = {Yang, Yanli},
  YEAR      = {2017},
  JOURNAL   = {IEEE Access},
  VOLUME    = {5},
  PAGES     = {5623--5630},
  ISSN      = {2169-3536},
  DOI       = {10/gtvvfr},
  URLDATE   = {2024-05-20},
  COPYRIGHT = {https://ieeexplore.ieee.org/Xplorehelp/downloads/license-information/OAPA.html}
}

@misc{young2008designing,
  TITLE   = {Designing an {{Analogue Low Pass Filter System}} for a {{Quantum Ion Trap}}},
  AUTHOR  = {Young, Philippa},
  YEAR    = {2008},
  URL     = {https://users.sussex.ac.uk/~pjly20/ras100.html},
  URLDATE = {2024-05-20}
}

@misc{zayia2023neuroanatomy,
  TITLE     = {Neuroanatomy, {{Motor Neuron}}},
  AUTHOR    = {Zayia, Lindsay C. and Tadi, Prasanna},
  YEAR      = {2023},
  PUBLISHER = {StatPearls Publishing},
  URL       = {http://www.ncbi.nlm.nih.gov/books/NBK554616/},
  URLDATE   = {2024-01-22},
  COPYRIGHT = {Copyright © 2023, StatPearls Publishing LLC.},
  LANGID    = {english},
  LCCN      = {NBK554616},
  PMID      = {32119503}
}
